@article{vaswani2017attention,
  title={Attention is all you need},
  author={Vaswani, A},
  journal={Advances in Neural Information Processing Systems},
  year={2017}
}
@inproceedings{subakan2021attention,
  title={Attention is all you need in speech separation},
  author={Subakan, Cem and Ravanelli, Mirco and Cornell, Samuele and Bronzi, Mirko and Zhong, Jianyuan},
  booktitle={ICASSP 2021-2021 IEEE International Conference on Acoustics, Speech and Signal Processing (ICASSP)},
  pages={21--25},
  year={2021},
  organization={IEEE}
}

@inproceedings{al2019classification,
  title={Classification of ECG signals by dot residual LSTM network with data augmentation for anomaly detection},
  author={Al Nazi, Zabir and Biswas, Ananna and Rayhan, Md Abu and Abir, Tasnim Azad},
  booktitle={2019 22nd international conference on computer and information technology (ICCIT)},
  pages={1--5},
  year={2019},
  organization={IEEE}
}